@inproceedings{bentz2016zipf,
  title={Zipf's law of abbreviation as a language universal},
  author={Bentz, Chris and Ferrer Cancho, Ramon},
  booktitle={Proceedings of the Leiden workshop on capturing phylogenetic algorithms for linguistics},
  pages={1--4},
  year={2016},
  organization={University of T{\"u}bingen},
}

@misc{Gleason,
    author			= {Gleason, S.},
    title			= {So, What’s the Deal With the Long German Words?},
    howpublished	= {\path{https://excelsiorclasses.com/long-german-words/}},
    year			= {2022},
    month		= {January, 10.},
}

@misc{Hart,
    author			= {Hart, M. (s. f.)},
    title			= {Project Gutenberg: Free eBooks.},
    howpublished	= {\path{https://www.gutenberg.org/}},
	note		= {Recuperado 4 de febrero de 2023},	
}

@misc{Linders,
	author	= {Linders, G. \& Louwerse, M. M.},
	title	= {Zipf’s law revisited: Spoken dialog, linguistic units, parameters, and the principle of least effort.},
	howpublished	= {\path{https://doi.org/10.3758/s13423-022-02142-9}},
	notes	= {Psychonomic Bulletin \& Review.},
}

@misc{Rich,
	author	= {Rich Steinmetz, R.},
	year		= {2018},
	month	= {November, 21.},
	title	= {Best Way to Tokenize German texts. {datagoodie}},
	howpublished	= {\path{https://richstone.github.io/blog/best-german-tokenizer/}},
	notes	= {Recuperado 4 de febrero de 2023},
}
